<collection>
<record>
<leader>06362cjcaa22010937a 4500</leader>
<controlfield tag="001">16559870</controlfield>
<controlfield tag="005">20210504092445.0</controlfield>
<controlfield tag="007">st ||ndm|||n|e</controlfield>
<controlfield tag="007">st |||cm|||||e</controlfield>
<controlfield tag="007">st |||bm|||||e</controlfield>
<controlfield tag="008">101201i19521978xx |||| eng </controlfield>
<datafield ind1=" " ind2=" " tag="906">
<subfield code="a">7</subfield>
<subfield code="b">cbc</subfield>
<subfield code="c">orignew</subfield>
<subfield code="d">u</subfield>
<subfield code="e">ncip</subfield>
<subfield code="f">20</subfield>
<subfield code="g">y-folklife</subfield>
</datafield>
<datafield ind1=" " ind2=" " tag="955">
<subfield code="a">mkru 2010-12-01;</subfield>
<subfield code="a">mseg 2013-01-03</subfield>
<subfield code="a">mkru 2017-08-28</subfield>
<subfield code="a">masmit 2021-04-29</subfield>
<subfield code="a">masmit 2021-04-30</subfield>
</datafield>
<datafield ind1=" " ind2=" " tag="010">
<subfield code="a"> 2010655230</subfield>
</datafield>
<datafield ind1=" " ind2=" " tag="040">
<subfield code="a">DLC</subfield>
<subfield code="b">eng</subfield>
<subfield code="e">dacs</subfield>
<subfield code="c">DLC</subfield>
<subfield code="d">DLC</subfield>
</datafield>
<datafield ind1=" " ind2=" " tag="043">
<subfield code="a">n-us---</subfield>
<subfield code="a">n-us-ny</subfield>
</datafield>
<datafield ind1=" " ind2=" " tag="090">
<subfield code="a">
RXB 0001-0011; RXB 0014-0108; RXB 0110-0115; RWC 6440-6441; RWC 6443
</subfield>
</datafield>
<datafield ind1=" " ind2=" " tag="090">
<subfield code="a">AFC 1980/001</subfield>
</datafield>
<datafield ind1="0" ind2="0" tag="245">
<subfield code="a">Barbara Dane collection.</subfield>
</datafield>
<datafield ind1=" " ind2=" " tag="260">
<subfield code="c">1952-1978.</subfield>
</datafield>
<datafield ind1=" " ind2=" " tag="300">
<subfield code="a">approximately 458</subfield>
<subfield code="f">items</subfield>
</datafield>
<datafield ind1=" " ind2=" " tag="300">
<subfield code="a">43 sound tape reels :</subfield>
<subfield code="b">analog, various speeds ;</subfield>
<subfield code="c">10 in.</subfield>
</datafield>
<datafield ind1=" " ind2=" " tag="300">
<subfield code="a">80 sound tape reels :</subfield>
<subfield code="b">analog, various speeds ;</subfield>
<subfield code="c">7 in.</subfield>
</datafield>
<datafield ind1=" " ind2=" " tag="300">
<subfield code="a">35 sound tape reels :</subfield>
<subfield code="b">analog, various speeds ;</subfield>
<subfield code="c">5 in.</subfield>
</datafield>
<datafield ind1=" " ind2=" " tag="300">
<subfield code="3">manuscripts</subfield>
<subfield code="a">6</subfield>
<subfield code="f">folders</subfield>
<subfield code="a">(2.5</subfield>
<subfield code="f">linear feet)</subfield>
</datafield>
<datafield ind1="0" ind2=" " tag="511">
<subfield code="a">
Participants and performers include Katherine Anne Porter, Julian Lee Rayford, The Weavers, Paul Phillips, Barry Hall, Little Brother Montgomery, Willie Dixon, Mahalia Jackson, Ed Cray, Memphis Slim, Big Joe Williams, Lightning Hopkins, Mance Lipscomb, Fred McDowell, Pete Seeger, Estella Mama Yancey, Frances Fink Taylor, Dennis Gaston, Tuli Kupferberg, Fred Gardner, Ewan MacColl, Brendon Behan, The Singing Streets and many others.
</subfield>
</datafield>
<datafield ind1=" " ind2=" " tag="520">
<subfield code="a">
Collection of sound recordings of interviews, readings by authors, lectures and speeches, and radio broadcasts with songs and music, recorded and compiled by Barbara Dane and Irwin Silber for the "Sing Out!" radio program on WBAI-FM, New York City; and for other radio shows and documentation of other music and events from 1952-1978. Includes interviews with Vietnam War protesters, draft resisters, and topical songs written about the Vietnam War; songs many about other events of the 1960s and 1970s, including the African American civil rights movement; Native American survival movement; the women's rights and gay rights movements. The collection includes some tapes submitted by performers or listeners of Barbara Dane's shows, some with accompanying letters. Includes interview and songs performed by Catalan poet and composer, Raimon; Philippine songs; Cambodian songs; sound recordings of the Poor People's March on Washington, 1968; folk festivals and other recordings.
</subfield>
</datafield>
<datafield ind1="8" ind2=" " tag="524">
<subfield code="a">
Barbara Dane collection (AFC 1980/001), Archive of Folk Culture, American Folklife Center, Library of Congress, Washington, D.C.
</subfield>
</datafield>
<datafield ind1="1" ind2=" " tag="506">
<subfield code="a">
Collection is open for research. Access to recordings may be restricted. Before requesting materials, please contact the Folklife Reading Room
</subfield>
<subfield code="u">http://hdl.loc.gov/loc.afc/folklife.home</subfield>
</datafield>
<datafield ind1=" " ind2=" " tag="540">
<subfield code="a">
Duplication of sound recordings may be governed by copyright and other restrictions.
</subfield>
</datafield>
<datafield ind1=" " ind2=" " tag="541">
<subfield code="a">Barbara Dane;</subfield>
<subfield code="c">Donation;</subfield>
<subfield code="d">1981.</subfield>
</datafield>
<datafield ind1=" " ind2=" " tag="546">
<subfield code="a">In English, a few recordings in Spanish.</subfield>
</datafield>
<datafield ind1="0" ind2=" " tag="555">
<subfield code="a">Finding aid is available online</subfield>
<subfield code="u">https://hdl.loc.gov/loc.afc/eadafc.af021002</subfield>
</datafield>
<datafield ind1=" " ind2="0" tag="650">
<subfield code="a">Folk music</subfield>
<subfield code="z">United States.</subfield>
</datafield>
<datafield ind1=" " ind2="0" tag="650">
<subfield code="a">Blues musicians</subfield>
<subfield code="z">United States</subfield>
<subfield code="v">Interviews.</subfield>
</datafield>
<datafield ind1=" " ind2="0" tag="650">
<subfield code="a">Protest songs</subfield>
<subfield code="z">United States.</subfield>
</datafield>
<datafield ind1=" " ind2="0" tag="650">
<subfield code="a">Topical songs.</subfield>
</datafield>
<datafield ind1=" " ind2="0" tag="650">
<subfield code="a">Political ballads and songs.</subfield>
</datafield>
<datafield ind1=" " ind2="0" tag="650">
<subfield code="a">Folk festivals</subfield>
<subfield code="z">United States.</subfield>
</datafield>
<datafield ind1=" " ind2="0" tag="650">
<subfield code="a">Blues (Music)</subfield>
<subfield code="y">1951-1960.</subfield>
</datafield>
<datafield ind1=" " ind2="0" tag="650">
<subfield code="a">Blues (Music)</subfield>
<subfield code="y">1961-1970.</subfield>
</datafield>
<datafield ind1=" " ind2="0" tag="650">
<subfield code="a">Vietnam War, 1961-1975</subfield>
<subfield code="v">Songs and music.</subfield>
</datafield>
<datafield ind1=" " ind2="0" tag="650">
<subfield code="a">Vietnam War, 1961-1975</subfield>
<subfield code="x">Protest movements</subfield>
<subfield code="z">United States.</subfield>
</datafield>
<datafield ind1=" " ind2="0" tag="650">
<subfield code="a">Civil Rights movements</subfield>
<subfield code="z">United States</subfield>
<subfield code="x">History</subfield>
<subfield code="y">20th century</subfield>
<subfield code="v">Songs and music.</subfield>
</datafield>
<datafield ind1=" " ind2="0" tag="650">
<subfield code="a">Poor People's Campaign.</subfield>
</datafield>
<datafield ind1=" " ind2="0" tag="651">
<subfield code="a">New York (N.Y.)</subfield>
<subfield code="x">Social life and customs.</subfield>
</datafield>
<datafield ind1=" " ind2="7" tag="655">
<subfield code="a">Interviews.</subfield>
<subfield code="2">lcgft</subfield>
</datafield>
<datafield ind1=" " ind2="7" tag="655">
<subfield code="a">Sound recordings.</subfield>
<subfield code="2">lcgft</subfield>
</datafield>
<datafield ind1=" " ind2="7" tag="655">
<subfield code="a">Radio programs.</subfield>
<subfield code="2">lcgft</subfield>
</datafield>
<datafield ind1=" " ind2="7" tag="655">
<subfield code="a">Folk music radio programs.</subfield>
<subfield code="2">lcgft</subfield>
</datafield>
<datafield ind1="1" ind2=" " tag="700">
<subfield code="a">Barry, Margaret,</subfield>
<subfield code="d">1917-1989,</subfield>
<subfield code="e">interviewee.</subfield>
</datafield>
<datafield ind1="1" ind2=" " tag="700">
<subfield code="a">Bikel, Theodore,</subfield>
<subfield code="e">interviewee.</subfield>
</datafield>
<datafield ind1="1" ind2=" " tag="700">
<subfield code="a">Carawan, Guy,</subfield>
<subfield code="e">interviewee.</subfield>
</datafield>
<datafield ind1="1" ind2=" " tag="700">
<subfield code="a">Cohen, John,</subfield>
<subfield code="d">1932-2019,</subfield>
<subfield code="e">interviewee.</subfield>
</datafield>
<datafield ind1="1" ind2=" " tag="700">
<subfield code="a">Cooney, Michael B.,</subfield>
<subfield code="d">1943-</subfield>
<subfield code="e">interviewee.</subfield>
</datafield>
<datafield ind1="1" ind2=" " tag="700">
<subfield code="a">Cray, Ed,</subfield>
<subfield code="e">interviewer.</subfield>
</datafield>
<datafield ind1="1" ind2=" " tag="700">
<subfield code="a">Dane, Barbara,</subfield>
<subfield code="e">collector,</subfield>
<subfield code="e">interviewee,</subfield>
<subfield code="e">interviewer,</subfield>
<subfield code="e">performer.</subfield>
</datafield>
<datafield ind1="1" ind2=" " tag="700">
<subfield code="a">Dixon, Willie,</subfield>
<subfield code="d">1915-1992,</subfield>
<subfield code="e">interviewee,</subfield>
<subfield code="e">performer.</subfield>
</datafield>
<datafield ind1="1" ind2=" " tag="700">
<subfield code="a">Fuller, Jesse,</subfield>
<subfield code="e">interviewee.</subfield>
</datafield>
<datafield ind1="1" ind2=" " tag="700">
<subfield code="a">Garland, Jim,</subfield>
<subfield code="d">1905-1978,</subfield>
<subfield code="e">performer.</subfield>
</datafield>
<datafield ind1="1" ind2=" " tag="700">
<subfield code="a">Gorman, Michael,</subfield>
<subfield code="d">1895-1970,</subfield>
<subfield code="e">interviewee.</subfield>
</datafield>
<datafield ind1="1" ind2=" " tag="700">
<subfield code="a">Hopkins, Lightnin',</subfield>
<subfield code="d">1912-1982,</subfield>
<subfield code="e">interviewee.</subfield>
</datafield>
<datafield ind1="1" ind2=" " tag="700">
<subfield code="a">Jackson, Mahalia,</subfield>
<subfield code="d">1911-1972,</subfield>
<subfield code="e">interviewee.</subfield>
</datafield>
<datafield ind1="1" ind2=" " tag="700">
<subfield code="a">Kraber, Tony,</subfield>
<subfield code="e">performer.</subfield>
</datafield>
<datafield ind1="1" ind2=" " tag="700">
<subfield code="a">Johnson, Lonnie,</subfield>
<subfield code="d">1894-1970,</subfield>
<subfield code="e">interviewee.</subfield>
</datafield>
<datafield ind1="1" ind2=" " tag="700">
<subfield code="a">Lebrón, Lolita,</subfield>
<subfield code="d">1919-2010,</subfield>
<subfield code="e">interviewee.</subfield>
</datafield>
<datafield ind1="1" ind2=" " tag="700">
<subfield code="a">Lester, Julius,</subfield>
<subfield code="d">1939-2018,</subfield>
<subfield code="e">interviewee.</subfield>
</datafield>
<datafield ind1="1" ind2=" " tag="700">
<subfield code="a">Lipscomb, Mance,</subfield>
<subfield code="d">1895-1976,</subfield>
<subfield code="e">interviewee.</subfield>
</datafield>
<datafield ind1="1" ind2=" " tag="700">
<subfield code="a">Lynn, Conrad J.,</subfield>
<subfield code="e">interviewee.</subfield>
</datafield>
<datafield ind1="1" ind2=" " tag="700">
<subfield code="a">McDonald, Joe,</subfield>
<subfield code="d">1942-</subfield>
<subfield code="e">interviewee.</subfield>
</datafield>
<datafield ind1="1" ind2=" " tag="700">
<subfield code="a">McDowell, Fred,</subfield>
<subfield code="e">interviewee.</subfield>
</datafield>
<datafield ind1="1" ind2=" " tag="700">
<subfield code="a">McGhee, Brownie,</subfield>
<subfield code="d">1915-1996,</subfield>
<subfield code="e">interviewee.</subfield>
</datafield>
<datafield ind1="1" ind2=" " tag="700">
<subfield code="a">Melton, Barry,</subfield>
<subfield code="e">interviewee.</subfield>
</datafield>
<datafield ind1="0" ind2=" " tag="700">
<subfield code="a">Memphis Slim,</subfield>
<subfield code="e">interviewee.</subfield>
</datafield>
<datafield ind1="1" ind2=" " tag="700">
<subfield code="a">Miller, Big,</subfield>
<subfield code="e">interviewee.</subfield>
</datafield>
<datafield ind1="1" ind2=" " tag="700">
<subfield code="a">Paxton, Tom,</subfield>
<subfield code="d">1937-</subfield>
<subfield code="e">interviewee.</subfield>
</datafield>
<datafield ind1="1" ind2=" " tag="700">
<subfield code="a">Porter, Katherine Anne,</subfield>
<subfield code="d">1890-1980,</subfield>
<subfield code="e">speaker.</subfield>
</datafield>
<datafield ind1="0" ind2=" " tag="700">
<subfield code="a">Raimon,</subfield>
<subfield code="d">1940-</subfield>
<subfield code="e">interviewee.</subfield>
</datafield>
<datafield ind1="1" ind2=" " tag="700">
<subfield code="a">Seeger, Pete,</subfield>
<subfield code="d">1919-2014,</subfield>
<subfield code="e">performer.</subfield>
</datafield>
<datafield ind1="1" ind2=" " tag="700">
<subfield code="a">Silber, Irwin,</subfield>
<subfield code="d">1925-2010,</subfield>
<subfield code="e">collector,</subfield>
<subfield code="e">interviewer.</subfield>
</datafield>
<datafield ind1="1" ind2=" " tag="700">
<subfield code="a">Smith, Harry Everett,</subfield>
<subfield code="d">1923-1991,</subfield>
<subfield code="e">interviewee.</subfield>
</datafield>
<datafield ind1="1" ind2=" " tag="700">
<subfield code="a">Traum, Happy,</subfield>
<subfield code="e">interviewee.</subfield>
</datafield>
<datafield ind1="1" ind2=" " tag="700">
<subfield code="a">Watson, Doc,</subfield>
<subfield code="e">interviewee.</subfield>
</datafield>
<datafield ind1="1" ind2=" " tag="700">
<subfield code="a">Williams, Big Joe,</subfield>
<subfield code="d">1903-1982,</subfield>
<subfield code="e">performer.</subfield>
</datafield>
<datafield ind1="1" ind2=" " tag="700">
<subfield code="a">Witherspoon, Jimmy,</subfield>
<subfield code="e">interviewee.</subfield>
</datafield>
<datafield ind1="1" ind2=" " tag="700">
<subfield code="a">Yancey, Estella,</subfield>
<subfield code="e">interviewee.</subfield>
</datafield>
<datafield ind1="2" ind2=" " tag="710">
<subfield code="a">Chambers Brothers,</subfield>
<subfield code="e">performer.</subfield>
</datafield>
<datafield ind1="2" ind2=" " tag="711">
<subfield code="a">Miramichi Folksong Festival.</subfield>
</datafield>
<datafield ind1="2" ind2=" " tag="710">
<subfield code="a">WBAI Radio (New York, N.Y.)</subfield>
</datafield>
<datafield ind1="2" ind2=" " tag="710">
<subfield code="a">Weavers (Musical group),</subfield>
<subfield code="e">interviewee,</subfield>
<subfield code="e">performer.</subfield>
</datafield>
<datafield ind1=" " ind2=" " tag="852">
<subfield code="a">Library of Congress</subfield>
<subfield code="b">Archive of Folk Culture, American Folklife Center,</subfield>
<subfield code="e">
101 Independence Ave. S.E., Washington, DC USA 20540-4610
</subfield>
<subfield code="u">http://hdl.loc.gov/loc.afc/folklife.home</subfield>
</datafield>
<datafield ind1="4" ind2="2" tag="856">
<subfield code="3">Finding aid</subfield>
<subfield code="u">https://hdl.loc.gov/loc.afc/eadafc.af021002</subfield>
</datafield>
<datafield ind1=" " ind2=" " tag="985">
<subfield code="a">afc/ead</subfield>
</datafield>
<datafield ind1=" " ind2=" " tag="985">
<subfield code="a">afc/coll</subfield>
</datafield>
</record>
</collection>